@article{MARGALEF1996141,
title = "Information and uncertainty in living systems, a view from ecology",
journal = "Biosystems",
volume = "38",
number = "2",
pages = "141 - 146",
year = "1996",
note = "Foundations of Information Science",
issn = "0303-2647",
doi = "https://doi.org/10.1016/0303-2647(95)01584-1",
url = "http://www.sciencedirect.com/science/article/pii/0303264795015841",
author = "Ramon Margalef",
keywords = "Dissipative system, Ecology, Indeterminacy, Information, Self-organization"
}
@article{lam2016fused,
  title={Fused regression for multi-source gene regulatory network inference},
  author={Lam, Kari Y and Westrick, Zachary M and M{\"u}ller, Christian L and Christiaen, Lionel and Bonneau, Richard},
  journal={PLoS computational biology},
  volume={12},
  number={12},
  pages={e1005157},
  year={2016},
  publisher={Public Library of Science}
}

@book{rovelli,
author={Rovelli, C., Segre, E., Carnell, S., \& Rovelli, C.},
year={2018},
title={The order of time},
publisher={Riverhead Books},
pages={240}
}

@book{powers,
author={Powers, R.},
year={2018},
title={The Overstory},
publisher={W. W. Norton \& Company },
pages={502}
}
@book{pyenson,
author={Pyenson, Nick.},
year={2018},
title={Spying on Whales: The Past, Present, and Future of Earth's Most Awesome Creatures.},
publisher={Viking},
pages={336}
}

@article{england2013statistical,
  title={Statistical physics of self-replication},
  author={England, Jeremy L},
  journal={The Journal of chemical physics},
  volume={139},
  number={12},
  pages={09B623\_1},
  year={2013},
  publisher={AIP}
}
@article{dianati2016unwinding,
  title={Unwinding the hairball graph: pruning algorithms for weighted complex networks},
  author={Dianati, Navid},
  journal={Physical Review E},
  volume={93},
  number={1},
  pages={012304},
  year={2016},
  publisher={APS}
}
@article{cosgrove2008predicting,
  title={Predicting gene targets of perturbations via network-based filtering of mRNA expression compendia},
  author={Cosgrove, Elissa J and Zhou, Yingchun and Gardner, Timothy S and Kolaczyk, Eric D},
  journal={Bioinformatics},
  volume={24},
  number={21},
  pages={2482--2490},
  year={2008},
  publisher={Oxford University Press}
}

@article{candes2009near,
  title={Near-ideal model selection by L1 minimization},
  author={Cand{\`e}s, Emmanuel J and Plan, Yaniv and others},
  journal={The Annals of Statistics},
  volume={37},
  number={5A},
  pages={2145--2177},
  year={2009},
  publisher={Institute of Mathematical Statistics}
}
@article{castelo2009reverse,
  title={Reverse engineering molecular regulatory networks from microarray data with qp-graphs},
  author={Castelo, Robert and Roverato, Alberto},
  journal={Journal of Computational Biology},
  volume={16},
  number={2},
  pages={213--227},
  year={2009},
  publisher={Mary Ann Liebert, Inc. 2 Madison Avenue Larchmont, NY 10538 USA}
}
@article{grimaldi2011regnann,
  title={RegnANN: reverse engineering gene networks using artificial neural networks},
  author={Grimaldi, Marco and Visintainer, Roberto and Jurman, Giuseppe},
  journal={PloS one},
  volume={6},
  number={12},
  pages={e28646},
  year={2011},
  publisher={Public Library of Science}
}
@inproceedings{hache2007reconstruction,
  title={Reconstruction and validation of gene regulatory networks with neural networks},
  author={Hache, Hendrik and Wierling, Christoph and Lehrach, Hans and Herwig, Ralf},
  booktitle={The 2nd Foundations of Systems Biology in Engineering Conference, FOSBE 2007},
  year={2007},
  organization={Universit{\"a}t Stuttgart}
}

@article{di2005chemogenomic,
  title={Chemogenomic profiling on a genome-wide scale using reverse-engineered gene networks},
  author={di Bernardo, Diego and Thompson, Michael J and Gardner, Timothy S and Chobot, Sarah E and Eastwood, Erin L and Wojtovich, Andrew P and Elliott, Sean J and Schaus, Scott E and Collins, James J},
  journal={Nature biotechnology},
  volume={23},
  number={3},
  pages={377},
  year={2005},
  publisher={Nature Publishing Group}
}
@article{folch2015enabling,
  title={Enabling network inference methods to handle missing data and outliers},
  author={Folch-Fortuny, Abel and Villaverde, Alejandro F and Ferrer, Alberto and Banga, Julio R},
  journal={BMC bioinformatics},
  volume={16},
  number={1},
  pages={283},
  year={2015},
  publisher={BioMed Central}
}

@article{flores2013p4,
  title={P4 medicine: how systems medicine will transform the healthcare sector and society},
  author={Flores, Mauricio and Glusman, Gustavo and Brogaard, Kristin and Price, Nathan D and Hood, Leroy},
  journal={Personalized medicine},
  volume={10},
  number={6},
  pages={565--576},
  year={2013},
  publisher={Future Medicine}
}

@article{bock2012hub,
  title={Hub-centered gene network reconstruction using automatic relevance determination},
  author={B{\"o}ck, Matthias and Ogishima, Soichi and Tanaka, Hiroshi and Kramer, Stefan and Kaderali, Lars},
  journal={PLoS One},
  volume={7},
  number={5},
  pages={e35077},
  year={2012},
  publisher={Public Library of Science}
}

@article{bansal2007infer,
  title={How to infer gene networks from expression profiles},
  author={Bansal, Mukesh and Belcastro, Vincenzo and Ambesi-Impiombato, Alberto and Di Bernardo, Diego},
  journal={Molecular systems biology},
  volume={3},
  number={1},
  pages={78},
  year={2007},
  publisher={EMBO Press}
}
@article{berg2000motile,
  title={Motile behavior of bacteria},
  author={Berg, Howard},
  year={2000},
  publisher={American Institute of Physics},
  journal={Physics Today},
  volume={53},
  number={1},
  pages={24-29}
}
@article{tegner2003reverse,
  title={Reverse engineering gene networks: integrating genetic perturbations with dynamical modeling},
  author={Tegner, Jesper and Yeung, MK Stephen and Hasty, Jeff and Collins, James J},
  journal={Proceedings of the National Academy of Sciences},
  volume={100},
  number={10},
  pages={5944--5949},
  year={2003},
  publisher={National Acad Sciences}
}

@article{wishart2006drugbank,
  title={DrugBank: a comprehensive resource for in silico drug discovery and exploration},
  author={Wishart, David S and Knox, Craig and Guo, An Chi and Shrivastava, Savita and Hassanali, Murtaza and Stothard, Paul and Chang, Zhan and Woolsey, Jennifer},
  journal={Nucleic acids research},
  volume={34},
  number={suppl\_1},
  pages={D668--D672},
  year={2006},
  publisher={Oxford University Press}
}
@article{oprea2011drug,
  title={Drug repurposing from an academic perspective},
  author={Oprea, Tudor I and Bauman, Julie E and Bologa, Cristian G and Buranda, Tione and Chigaev, Alexandre and Edwards, Bruce S and Jarvik, Jonathan W and Gresham, Hattie D and Haynes, Mark K and Hjelle, Brian and others},
  journal={Drug Discovery Today: Therapeutic Strategies},
  volume={8},
  number={3-4},
  pages={61--69},
  year={2011},
  publisher={Elsevier}
}
@article{darwin1869origin,
  title={ORIGIN OF SPECIES.},
  author={Darwin, Charles},
  journal={The Athenaeum},
  number={2174},
  pages={861--861},
  year={1869},
  publisher={J. Frances, etc.}
}
@article{kall2007posterior,
  title={Posterior error probabilities and false discovery rates: two sides of the same coin},
  author={K{\"a}ll, Lukas and Storey, John D and MacCoss, Michael J and Noble, William Stafford},
  journal={Journal of proteome research},
  volume={7},
  number={01},
  pages={40--44},
  year={2007},
  publisher={ACS Publications}
}
@article{marbach2010revealing,
  title={Revealing strengths and weaknesses of methods for gene network inference},
  author={Marbach, Daniel and Prill, Robert J and Schaffter, Thomas and Mattiussi, Claudio and Floreano, Dario and Stolovitzky, Gustavo},
  journal={Proceedings of the national academy of sciences},
  year={2010},
  publisher={National Acad Sciences}
}
@article{schafer2004empirical,
  title={An empirical Bayes approach to inferring large-scale gene association networks},
  author={Sch{\"a}fer, Juliane and Strimmer, Korbinian},
  journal={Bioinformatics},
  volume={21},
  number={6},
  pages={754--764},
  year={2004},
  publisher={Oxford University Press}
}

@article{markowetz2007inferring,
  title={Inferring cellular networks--a review},
  author={Markowetz, Florian and Spang, Rainer},
  journal={BMC bioinformatics},
  volume={8},
  number={6},
  pages={S5},
  year={2007},
  publisher={BioMed Central}
}

@article{slawek2013ennet,
  title={ENNET: inferring large gene regulatory networks from expression data using gradient boosting},
  author={S{\l}awek, Janusz and Arod{\'z}, Tomasz},
  journal={BMC systems biology},
  volume={7},
  number={1},
  pages={106},
  year={2013},
  publisher={BioMed Central}
}

@article{altay2010inferring,
  title={Inferring the conservative causal core of gene regulatory networks},
  author={Altay, G{\"o}kmen and Emmert-Streib, Frank},
  journal={BMC systems biology},
  volume={4},
  number={1},
  pages={132},
  year={2010},
  publisher={BioMed Central}
}
@article{de2012bagging,
  title={Bagging statistical network inference from large-scale gene expression data},
  author={de Matos Simoes, Ricardo and Emmert-Streib, Frank},
  journal={PLoS One},
  volume={7},
  number={3},
  pages={e33624},
  year={2012},
  publisher={Public Library of Science}
}

@article{lee2000importance,
  title={Importance of replication in microarray gene expression studies: statistical methods and evidence from repetitive cDNA hybridizations},
  author={Lee, Mei-Ling Ting and Kuo, Frank C and Whitmore, GA and Sklar, Jeffrey},
  journal={Proceedings of the National Academy of Sciences},
  volume={97},
  number={18},
  pages={9834--9839},
  year={2000},
  publisher={National Acad Sciences}
}

@article{bonneau2006inferelator,
  title={The Inferelator: an algorithm for learning parsimonious regulatory networks from systems-biology data sets de novo},
  author={Bonneau, Richard and Reiss, David J and Shannon, Paul and Facciotti, Marc and Hood, Leroy and Baliga, Nitin S and Thorsson, Vesteinn},
  journal={Genome biology},
  volume={7},
  number={5},
  pages={R36},
  year={2006},
  publisher={BioMed Central}
}
@book{friedman2001elements,
  title={The elements of statistical learning},
  author={Friedman, Jerome and Hastie, Trevor and Tibshirani, Robert},
  volume={1},
  number={10},
  page={69-73},
  year={2001},
  publisher={Springer series in statistics New York, NY, USA:}
}
@misc{grant2008cvx,
author= {Grant, Michael and Boyd, Stephen and Ye, Yinyu},
year={2008},
title={CVX: Matlab software for disciplined convex programming},
}
@misc{MATLAB2017,
  address =       {Natick, Massachusetts},
  author =        {MATLAB},
  publisher =     {The MathWorks Inc.},
  title =         {9.1 (R2016b)},
  year =          {2017},
}
@article{platig2016bipartite,
  title={Bipartite community structure of eQTLs},
  author={Platig, John and Castaldi, Peter J and DeMeo, Dawn and Quackenbush, John},
  journal={PLoS computational biology},
  volume={12},
  number={9},
  pages={e1005033},
  year={2016},
  publisher={Public Library of Science}
}
@article{lex2014upset,
  title={UpSet: visualization of intersecting sets},
  author={Lex, Alexander and Gehlenborg, Nils and Strobelt, Hendrik and Vuillemot, Romain and Pfister, Hanspeter},
  journal={IEEE transactions on visualization and computer graphics},
  volume={20},
  number={12},
  pages={1983--1992},
  year={2014},
  publisher={IEEE}
}

@article{glass2013passing,
  title={Passing messages between biological networks to refine predicted interactions},
  author={Glass, Kimberly and Huttenhower, Curtis and Quackenbush, John and Yuan, Guo-Cheng},
  journal={PloS one},
  volume={8},
  number={5},
  pages={e64832},
  year={2013},
  publisher={Public Library of Science}
}

@article{schlauch2017estimating,
  title={Estimating drivers of cell state transitions using gene regulatory network models},
  author={Schlauch, Daniel and Glass, Kimberly and Hersh, Craig P and Silverman, Edwin K and Quackenbush, John},
  journal={BMC systems biology},
  volume={11},
  number={1},
  pages={139},
  year={2017},
  publisher={BioMed Central}
}

@article{padi2018detecting,
  title={Detecting phenotype-driven transitions in regulatory network structure},
  author={Padi, Megha and Quackenbush, John},
  journal={NPJ systems biology and applications},
  volume={4},
  number={1},
  pages={16},
  year={2018},
  publisher={Nature Publishing Group}
}

@article{milo2002network,
  title={Network motifs: simple building blocks of complex networks},
  author={Milo, Ron and Shen-Orr, Shai and Itzkovitz, Shalev and Kashtan, Nadav and Chklovskii, Dmitri and Alon, Uri},
  journal={Science},
  volume={298},
  number={5594},
  pages={824--827},
  year={2002},
  publisher={American Association for the Advancement of Science}
}
@article{blum2018experimental,
  title={Experimental noise cutoff boosts inferability of transcriptional networks in large-scale gene-deletion studies},
  author={Blum, CF and Heramvand, N and Khonsari, AS and Kollmann, M},
  journal={Nature communications},
  volume={9},
  number={1},
  pages={133},
  year={2018},
  publisher={Nature Publishing Group}
}


@article{mangan2003structure,
  title={Structure and function of the feed-forward loop network motif},
  author={Mangan, Shmoolik and Alon, Uri},
  journal={Proceedings of the National Academy of Sciences},
  volume={100},
  number={21},
  pages={11980--11985},
  year={2003},
  publisher={National Acad Sciences}
}

@article{khalil1996adaptive,
  title={Adaptive output feedback control of nonlinear systems represented by input-output models},
  author={Khalil, Hassan K},
  journal={IEEE Transactions on Automatic Control},
  volume={41},
  number={2},
  pages={177--188},
  year={1996},
  publisher={IEEE}
}
@article{hoerl1970ridge,
  title={Ridge regression: Biased estimation for nonorthogonal problems},
  author={Hoerl, Arthur E and Kennard, Robert W},
  journal={Technometrics},
  volume={12},
  number={1},
  pages={55--67},
  year={1970},
  publisher={Taylor \& Francis Group}
}
@article{narendra2011comprehensive,
  title={A comprehensive assessment of methods for de-novo reverse-engineering of genome-scale regulatory networks},
  author={Narendra, Varun and Lytkin, Nikita I and Aliferis, Constantin F and Statnikov, Alexander},
  journal={Genomics},
  volume={97},
  number={1},
  pages={7--18},
  year={2011},
  publisher={Elsevier}
}
@article{zhang2012narromi,
  title={NARROMI: a noise and redundancy reduction technique improves accuracy of gene regulatory network inference},
  author={Zhang, Xiujun and Liu, Keqin and Liu, Zhi-Ping and Duval, B{\'e}atrice and Richer, Jean-Michel and Zhao, Xing-Ming and Hao, Jin-Kao and Chen, Luonan},
  journal={Bioinformatics},
  volume={29},
  number={1},
  pages={106--113},
  year={2012},
  publisher={Oxford University Press}
}

@article{zou2005regularization,
  title={Regularization and variable selection via the elastic net},
  author={Zou, Hui and Hastie, Trevor},
  journal={Journal of the Royal Statistical Society: Series B (Statistical Methodology)},
  volume={67},
  number={2},
  pages={301--320},
  year={2005},
  publisher={Wiley Online Library}
}
@inproceedings{ng2004feature,
  title={Feature selection, L 1 vs. L 2 regularization, and rotational invariance},
  author={Ng, Andrew Y},
  booktitle={Proceedings of the twenty-first international conference on Machine learning},
  pages={78},
  year={2004},
  organization={ACM}
}

@article{nordling2009interampatteness,
  title={Interampatteness-a generic property of biochemical networks},
  author={Nordling, Torbj{\"o}rn EM and Jacobsen, Elling W},
  journal={IET systems biology},
  volume={3},
  number={5},
  pages={388--403},
  year={2009},
  publisher={IET}
}

@article{yi2000robust,
  title={Robust perfect adaptation in bacterial chemotaxis through integral feedback control},
  author={Yi, Tau-Mu and Huang, Yun and Simon, Melvin I and Doyle, John},
  journal={Proceedings of the National Academy of Sciences},
  volume={97},
  number={9},
  pages={4649--4653},
  year={2000},
  publisher={National Acad Sciences}
}

@article{crampin2006system,
  title={System identification challenges from systems biology},
  author={Crampin, Edmund J},
  journal={IFAC Proceedings Volumes},
  volume={39},
  number={1},
  pages={81--93},
  year={2006},
  publisher={Elsevier}
}

@article{alon2007design,
  title={Design principles of biological circuits},
  author={Alon, Uri},
  journal={Febs J},
  volume={277},
  year={2007}
}

@article{tibshirani1996regression,
  title={Regression shrinkage and selection via the lasso},
  author={Tibshirani, Robert},
  journal={Journal of the Royal Statistical Society. Series B (Methodological)},
  pages={267--288},
  year={1996},
  publisher={JSTOR}
}

}
@article{zhao2006model,
  title={On model selection consistency of Lasso},
  author={Zhao, Peng and Yu, Bin},
  journal={Journal of Machine learning research},
  volume={7},
  number={Nov},
  pages={2541--2563},
  year={2006}
}

@article{meinshausen2010stability,
  title={Stability selection},
  author={Meinshausen, Nicolai and B{\"u}hlmann, Peter},
  journal={Journal of the Royal Statistical Society: Series B (Statistical Methodology)},
  volume={72},
  number={4},
  pages={417--473},
  year={2010},
  publisher={Wiley Online Library}
}

@article{wang2011random,
  title={Random lasso},
  author={Wang, Sijian and Nan, Bin and Rosset, Saharon and Zhu, Ji},
  journal={The annals of applied statistics},
  volume={5},
  number={1},
  pages={468},
  year={2011},
  publisher={NIH Public Access}
}

@article{haury2012tigress,
  title={TIGRESS: trustful inference of gene regulation using stability selection},
  author={Haury, Anne-Claire and Mordelet, Fantine and Vera-Licona, Paola and Vert, Jean-Philippe},
  journal={BMC systems biology},
  volume={6},
  number={1},
  pages={145},
  year={2012},
  publisher={BioMed Central}
}

@article{wildenhain2006reconstructing,
  title={Reconstructing gene regulatory networks: from random to scale-free connectivity},
  author={Wildenhain, Jan and Crampin, Edmund J},
  journal={IEE Proceedings-Systems Biology},
  volume={153},
  number={4},
  pages={247--256},
  year={2006},
  publisher={IET}
}
@article{layek2011biological,
  title={From biological pathways to regulatory networks},
  author={Layek, Ritwik K and Datta, Aniruddha and Dougherty, Edward R},
  journal={Molecular BioSystems},
  volume={7},
  number={3},
  pages={843--851},
  year={2011},
  publisher={Royal Society of Chemistry}
}

@article{GENIE3,
    author = {Huynh-Thu, Vân Anh AND Irrthum, Alexandre AND Wehenkel, Louis AND Geurts, Pierre},
    journal = {PLOS ONE},
    publisher = {Public Library of Science},
    title = {Inferring Regulatory Networks from Expression Data Using Tree-Based Methods},
    year = {2010},
    month = {09},
    volume = {5},
    url = {https://doi.org/10.1371/journal.pone.0012776},
    pages = {1-10},
    number = {9},
    doi = {10.1371/journal.pone.0012776}
}
@article{jia2012preconditioning,
  title={Preconditioning to comply with the irrepresentable condition},
  author={Jia, Jinzhu and Rohe, Karl},
  journal={arXiv preprint arXiv:1208.5584},
  year={2012}
}

@article{morgan2018generalized,
  title={A Generalized Framework for Controlling FDR in Gene Regulatory Network Inference},
  author={Morgan, Daniel and Tj{\"a}rnberg, Andreas and Nordling, Torbj{\"o}rn EM and Sonnhammer, Erik LL and Berger, Bonnie},
  journal={Bioinformatics},
  year={2018}
}
@inproceedings{crick1958protein,
  title={On protein synthesis},
  author={Crick, Francis HC},
  booktitle={Symp Soc Exp Biol},
  volume={12},
  number={138-63},
  pages={8},
  year={1958}
}
@inproceedings{schulz2013grooming,
  title={Grooming the hairball-how to tidy up network visualizations?},
  author={Schulz, Hans-J{\"o}rg and Hurter, Christophe},
  booktitle={INFOVIS 2013, IEEE Information Visualization Conference},
  year={2013}
}
@article{gama2008regulondb,
  title={RegulonDB (version 6.0): gene regulation model of Escherichia coli K-12 beyond transcription, active (experimental) annotated promoters and Textpresso navigation},
  author={Gama-Castro, Socorro and Jim{\'e}nez-Jacinto, Ver{\'o}nica and Peralta-Gil, Martin and Santos-Zavaleta, Alberto and Pe{\~n}aloza-Spinola, M{\'o}nica I and Contreras-Moreira, Bruno and Segura-Salazar, Juan and Muniz-Rascado, Luis and Martinez-Flores, Irma and Salgado, Heladia and others},
  journal={Nucleic acids research},
  volume={36},
  number={suppl\_1},
  pages={D120--D124},
  year={2008},
  publisher={Oxford University Press}
}
@article{teixeira2006yeastract,
  title={The YEASTRACT database: a tool for the analysis of transcription regulatory associations in Saccharomyces cerevisiae},
  author={Teixeira, Miguel C and Monteiro, Pedro and Jain, Pooja and Tenreiro, Sandra and Fernandes, Alexandra R and Mira, Nuno P and Alenquer, Marta and Freitas, Ana T and Oliveira, Arlindo L and Sa-Correia, Isabel},
  journal={Nucleic acids research},
  volume={34},
  number={suppl\_1},
  pages={D446--D451},
  year={2006},
  publisher={Oxford University Press}
}
@article{carlson1974generalization,
  title={A generalization of the Schur complement by means of the Moore--Penrose inverse},
  author={Carlson, David and Haynsworth, Emilie and Markham, Thomas},
  journal={SIAM Journal on Applied Mathematics},
  volume={26},
  number={1},
  pages={169--175},
  year={1974},
  publisher={SIAM}
}

@article{faith2007large,
  title={Large-scale mapping and validation of Escherichia coli transcriptional regulation from a compendium of expression profiles},
  author={Faith, Jeremiah J and Hayete, Boris and Thaden, Joshua T and Mogno, Ilaria and Wierzbowski, Jamey and Cottarel, Guillaume and Kasif, Simon and Collins, James J and Gardner, Timothy S},
  journal={PLoS biology},
  volume={5},
  number={1},
  pages={e8},
  year={2007},
  publisher={Public Library of Science}
}
@article{werhli2006comparative,
  title={Comparative evaluation of reverse engineering gene regulatory networks with relevance networks, graphical Gaussian models and Bayesian networks},
  author={Werhli, Adriano V and Grzegorczyk, Marco and Husmeier, Dirk},
  journal={Bioinformatics},
  volume={22},
  number={20},
  pages={2523--2531},
  year={2006},
  publisher={Oxford University Press}
}
@article{lonnstedt2017fc1000,
  title={FC1000: normalized gene expression changes of systematically perturbed human cells},
  author={L{\"o}nnstedt, Ingrid M and Nelander, Sven},
  journal={Statistical applications in genetics and molecular biology},
  volume={16},
  number={4},
  pages={217--242},
  year={2017},
  publisher={De Gruyter}
}
@article{minnier2011perturbation,
  title={A perturbation method for inference on regularized regression estimates},
  author={Minnier, Jessica and Tian, Lu and Cai, Tianxi},
  journal={Journal of the American Statistical Association},
  volume={106},
  number={496},
  pages={1371--1382},
  year={2011},
  publisher={Taylor \& Francis}
}

@article{mordelet2008sirene,
  title={SIRENE: supervised inference of regulatory networks},
  author={Mordelet, Fantine and Vert, Jean-Philippe},
  journal={Bioinformatics},
  volume={24},
  number={16},
  pages={i76--i82},
  year={2008},
  publisher={Oxford University Press}
}
@article{guo2016gene,
  title={Gene regulatory network inference using PLS-based methods},
  author={Guo, Shun and Jiang, Qingshan and Chen, Lifei and Guo, Donghui},
  journal={BMC bioinformatics},
  volume={17},
  number={1},
  pages={545},
  year={2016},
  publisher={BioMed Central}
}



@phdthesis{Tjärnberg2015etb,
author={Tj{\"a}rnberg, Andreas},
title={Exploring the boundaries of gene regulatory network inference [Elektronisk resurs]},
publisher={Department of Biochemistry and Biophysics, Stockholm University},
address={Stockholm},
year={2015},
note={Diss. (sammanfattning) Stockholm : Stockholms universitet, 2015},
}

@article{tjarnberg2013optimal,
  title={Optimal sparsity criteria for network inference},
  author={Tj{\"a}rnberg, Andreas and Nordling, Torbj{\"o}rn EM and Studham, Matthew and Sonnhammer, Erik LL},
  journal={Journal of Computational Biology},
  volume={20},
  number={5},
  pages={398--408},
  year={2013},
  publisher={Mary Ann Liebert, Inc. 140 Huguenot Street, 3rd Floor New Rochelle, NY 10801 USA}
}
@article{tarca2006analysis,
  title={Analysis of microarray experiments of gene expression profiling},
  author={Tarca, Adi L and Romero, Roberto and Draghici, Sorin},
  journal={American journal of obstetrics and gynecology},
  volume={195},
  number={2},
  pages={373--388},
  year={2006},
  publisher={Elsevier}
}
@article{oates2012network,
  title={Network inference using steady-state data and Goldbeter--koshland kinetics},
  author={Oates, Chris J and Hennessy, Bryan T and Lu, Yiling and Mills, Gordon B and Mukherjee, Sach},
  journal={Bioinformatics},
  volume={28},
  number={18},
  pages={2342--2348},
  year={2012},
  publisher={Oxford University Press}
}

@article{barabasi2004network,
  title={Network biology: understanding the cell's functional organization},
  author={Barabasi, Albert-Laszlo and Oltvai, Zoltan N},
  journal={Nature reviews genetics},
  volume={5},
  number={2},
  pages={101},
  year={2004},
  publisher={Nature Publishing Group}
}

@article{barabasi2011network,
  title={Network medicine: a network-based approach to human disease},
  author={Barab{\'a}si, Albert-L{\'a}szl{\'o} and Gulbahce, Natali and Loscalzo, Joseph},
  journal={Nature reviews genetics},
  volume={12},
  number={1},
  pages={56},
  year={2011},
  publisher={Nature Publishing Group}
}
@article{de1998introduction,
  title={An introduction to total least squares},
  author={de Groen, Pieter PN},
  journal={arXiv preprint math/9805076},
  year={1998}
}

@article{subramanian2017next,
  title={A next generation connectivity map: L1000 platform and the first 1,000,000 profiles},
  author={Subramanian, Aravind and Narayan, Rajiv and Corsello, Steven M and Peck, David D and Natoli, Ted E and Lu, Xiaodong and Gould, Joshua and Davis, John F and Tubelli, Andrew A and Asiedu, Jacob K and others},
  journal={Cell},
  volume={171},
  number={6},
  pages={1437--1452},
  year={2017},
  publisher={Elsevier}
}
@article{lee2002transcriptional,
  title={Transcriptional regulatory networks in Saccharomyces cerevisiae},
  author={Lee, Tong Ihn and Rinaldi, Nicola J and Robert, Fran{\c{c}}ois and Odom, Duncan T and Bar-Joseph, Ziv and Gerber, Georg K and Hannett, Nancy M and Harbison, Christopher T and Thompson, Craig M and Simon, Itamar and others},
  journal={science},
  volume={298},
  number={5594},
  pages={799--804},
  year={2002},
  publisher={American Association for the Advancement of Science}
}
@article{kalir2005coherent,
  title={A coherent feed-forward loop with a SUM input function prolongs flagella expression in Escherichia coli},
  author={Kalir, Shiraz and Mangan, Shmoolik and Alon, Uri},
  journal={Molecular systems biology},
  volume={1},
  number={1},
  year={2005},
  publisher={EMBO Press}
}
@article{alon2007network,
  title={Network motifs: theory and experimental approaches},
  author={Alon, Uri},
  journal={Nature Reviews Genetics},
  volume={8},
  number={6},
  pages={450},
  year={2007},
  publisher={Nature Publishing Group}
}
@article{wuchty2003evolutionary,
  title={Evolutionary conservation of motif constituents in the yeast protein interaction network},
  author={Wuchty, Stephan and Oltvai, Zolt{\'a}n N and Barab{\'a}si, Albert-L{\'a}szl{\'o}},
  journal={Nature genetics},
  volume={35},
  number={2},
  pages={176},
  year={2003},
  publisher={Nature Publishing Group}
}
@book{klipp2016systems,
  title={Systems biology: a textbook},
  author={Klipp, Edda and Liebermeister, Wolfram and Wierling, Christoph and Kowald, Axel and Herwig, Ralf},
  year={2016},
  publisher={John Wiley \& Sons}
}
@book{kay1993fundamentals,
  title={Fundamentals of statistical signal processing, volume I: estimation theory},
  author={Kay, Steven M},
  year={1993},
  publisher={Prentice Hall}
}
@book{szallasi2006system,
  title={System modeling in cellular biology},
  author={Szallasi, Zoltan and Stelling, J{\"o}rg and Periwal, Vipul},
  journal={From Concepts to},
  year={2006},
  publisher={A Bradford Book, The MIT Press}
}
@article{schreiber2000target,
  title={Target-oriented and diversity-oriented organic synthesis in drug discovery},
  author={Schreiber, Stuart L},
  journal={Science},
  volume={287},
  number={5460},
  pages={1964--1969},
  year={2000},
  publisher={American Association for the Advancement of Science}
}
@article{weinberg1996cancer,
  title={How cancer arises},
  author={Weinberg, Robert A},
  journal={Scientific American},
  volume={275},
  number={3},
  pages={62--70},
  year={1996},
  publisher={JSTOR}
}
@article{xiong2012gene,
  title={Gene regulatory network inference from multifactorial perturbation data using both regression and correlation analyses},
  author={Xiong, Jie and Zhou, Tong},
  journal={PloS one},
  volume={7},
  number={9},
  pages={e43819},
  year={2012},
  publisher={Public Library of Science}
}
@article{zavlanos2011inferring,
  title={Inferring stable genetic networks from steady-state data},
  author={Zavlanos, Michael M and Julius, A Agung and Boyd, Stephen P and Pappas, George J},
  journal={Automatica},
  volume={47},
  number={6},
  pages={1113--1122},
  year={2011},
  publisher={Elsevier}
}

@article{yip2010improved,
  title={Improved reconstruction of in silico gene regulatory networks by integrating knockout and perturbation data},
  author={Yip, Kevin Y and Alexander, Roger P and Yan, Koon-Kiu and Gerstein, Mark},
  journal={PloS one},
  volume={5},
  number={1},
  pages={e8121},
  year={2010},
  publisher={Public Library of Science}
}

@article{yaghoobi2012review,
  title={A review of modeling techniques for genetic regulatory networks},
  author={Yaghoobi, Hanif and Haghipour, Siyamak and Hamzeiy, Hossein and Asadi-Khiavi, Masoud},
  journal={Journal of Medical Signals and sensors},
  volume={2},
  number={1},
  pages={61},
  year={2012},
  publisher={Wolters Kluwer--Medknow Publications}
}

@article{wang2010process,
  title={Process-based network decomposition reveals backbone motif structure},
  author={Wang, Guanyu and Du, Chenghang and Chen, Hao and Simha, Rahul and Rong, Yongwu and Xiao, Yi and Zeng, Chen},
  journal={Proceedings of the National Academy of Sciences},
  volume={107},
  number={23},
  pages={10478--10483},
  year={2010},
  publisher={National Acad Sciences}
}

@article{tibshirani1996regression,
  title={Regression shrinkage and selection via the lasso},
  author={Tibshirani, Robert},
  journal={Journal of the Royal Statistical Society. Series B (Methodological)},
  pages={267--288},
  year={1996},
  publisher={JSTOR}
}

@article{pinna2010knockouts,
  title={From knockouts to networks: establishing direct cause-effect relationships through graph analysis},
  author={Pinna, Andrea and Soranzo, Nicola and De La Fuente, Alberto},
  journal={PloS one},
  volume={5},
  number={10},
  pages={e12912},
  year={2010},
  publisher={Public Library of Science}
}

@article{pinero2015disgenet,
  title={DisGeNET: a discovery platform for the dynamical exploration of human diseases and their genes},
  author={Pi{\~n}ero, Janet and Queralt-Rosinach, N{\'u}ria and Bravo, {\`A}lex and Deu-Pons, Jordi and Bauer-Mehren, Anna and Baron, Martin and Sanz, Ferran and Furlong, Laura I},
  journal={Database},
  volume={2015},
  year={2015},
  publisher={Oxford University Press}
}
@article{lerman1996brca1,
  title={BRCA1 testing in families with hereditary breast-ovarian cancer: a prospective study of patient decision making and outcomes},
  author={Lerman, Caryn and Narod, Steven and Schulman, Kevin and Hughes, Chanita and Gomez-Caminero, Andres and Bonney, George and Gold, Karen and Trock, Bruce and Main, David and Lynch, Jane and others},
  journal={Jama},
  volume={275},
  number={24},
  pages={1885--1892},
  year={1996},
  publisher={American Medical Association}
}
@article{hyett1999using,
  title={Using fetal nuchal translucency to screen for major congenital cardiac defects at 10-14 weeks of gestation: population based cohort study},
  author={Hyett, Jon and Perdu, Marc and Sharland, Gurleen and Snijders, Rosalinde and Nicolaides, Kypros H},
  journal={Bmj},
  volume={318},
  number={7176},
  pages={81--85},
  year={1999},
  publisher={British Medical Journal Publishing Group}
}
@article{gardner2003inferring,
  title={Inferring genetic networks and identifying compound mode of action via expression profiling},
  author={Gardner, Timothy S and Di Bernardo, Diego and Lorenz, David and Collins, James J},
  journal={Science},
  volume={301},
  number={5629},
  pages={102--105},
  year={2003},
  publisher={American Association for the Advancement of Science}
}

@inproceedings{ham1996partial,
  title={Partial least-squares regression neural network (PLSNET) with supervised adaptive modular learning},
  author={Ham, Fredric M and Kostanic, Ivica},
  booktitle={Applications and Science of Artificial Neural Networks II},
  volume={2760},
  pages={139--151},
  year={1996},
  organization={International Society for Optics and Photonics}
}

@article{HECKER200986,
title = "Gene regulatory network inference: Data integration in dynamic models—A review",
journal = "Biosystems",
volume = "96",
number = "1",
pages = "86 - 103",
year = "2009",
issn = "0303-2647",
doi = "https://doi.org/10.1016/j.biosystems.2008.12.004",
url = "http://www.sciencedirect.com/science/article/pii/S0303264708002608",
author = "Michael Hecker and Sandro Lambeck and Susanne Toepfer and Eugene van Someren and Reinhard Guthke",
keywords = "Systems biology, Reverse engineering, Biological modelling, Knowledge integration"
}
@article{gardner2005reverse,
  title={Reverse-engineering transcription control networks},
  author={Gardner, Timothy S and Faith, Jeremiah J},
  journal={Physics of life reviews},
  volume={2},
  number={1},
  pages={65--88},
  year={2005},
  publisher={Elsevier}
}

@article{roeder1991complexities,
  title={The complexities of eukaryotic transcription initiation: regulation of preinitiation complex assembly},
  author={Roeder, Robert G},
  journal={Trends in biochemical sciences},
  volume={16},
  pages={402--408},
  year={1991},
  publisher={Elsevier}
}

@article{montes2014aracne,
  title={ARACNe-based inference, using curated microarray data, of Arabidopsis thaliana root transcriptional regulatory networks},
  author={Montes, Ricardo A Ch{\'a}vez and Coello, Gerardo and Gonz{\'a}lez-Aguilera, Karla L and Marsch-Mart{\'\i}nez, Nayelli and de Folter, Stefan and Alvarez-Buylla, Elena R},
  journal={BMC plant biology},
  volume={14},
  number={1},
  pages={97},
  year={2014},
  publisher={BioMed Central}
}
@article{irrthum2010inferring,
  title={Inferring regulatory networks from expression data using tree-based methods},
  author={Irrthum, Alexandre and Wehenkel, Louis and Geurts, Pierre and others},
  journal={PloS one},
  volume={5},
  number={9},
  pages={e12776},
  year={2010},
  publisher={Public Library of Science}
}
@article{wong1997mathematical,
  title={Mathematical model of the lac operon: inducer exclusion, catabolite repression, and diauxic growth on glucose and lactose},
  author={Wong, Patrick and Gladney, Stephanie and Keasling, Jay D},
  journal={Biotechnology progress},
  volume={13},
  number={2},
  pages={132--143},
  year={1997},
  publisher={Wiley Online Library}
}

@phdthesis{Nordling2013,
address = {Stockholm, Sweden},
author = {Nordling, Torbj{\"{o}}rn E M},
file = {:Users/tn/Articles/Mendeley_collection/Unknown/Nordling_2013.pdf:pdf},
isbn = {978-91-7501-762-4},
pages = {xi, 350},
school = {KTH Royal Institute of Technology},
title = {{Robust inference of gene regulatory networks: System properties, variable selection, subnetworks, and design of experiments}},
type = {Ph.D. thesis},
url = {http://urn.kb.se/resolve?urn=urn:nbn:se:kth:diva-120830},
year = {2013}
}
@article{connes1994neumann,
  title={Von Neumann algebra automorphisms and time-thermodynamics relation in generally covariant quantum theories},
  author={Connes, Alain and Rovelli, Carlo},
  journal={Classical and Quantum Gravity},
  volume={11},
  number={12},
  pages={2899},
  year={1994},
  publisher={IOP Publishing}
}
@article{kuhn2009stitch,
  title={STITCH 2: an interaction network database for small molecules and proteins},
  author={Kuhn, Michael and Szklarczyk, Damian and Franceschini, Andrea and Campillos, Monica and von Mering, Christian and Jensen, Lars Juhl and Beyer, Andreas and Bork, Peer},
  journal={Nucleic acids research},
  volume={38},
  number={suppl\_1},
  pages={D552--D556},
  year={2009},
  publisher={Oxford University Press}
}
